@book{libroUno,
    author = {Stuart Russell and Peter Norvig},
    title = {Inteligencia Artificial Un Enfoque moderno},
    publisher = {Pearson Prentice Hall},
    year = {2016},
    edition = {2nd}
}

@online{
  websiteOne,
  author = {EcuRed},
  title = {Algoritmo de Búsqueda Heurística A*},  
  url = "https://www.ecured.cu/Algoritmo_de_B%C3%BAsqueda_Heur%C3%ADstica_A*",
  urldate = "2024-03-00"
}

@online{
  geeks,
  author = {GeeksforGeeks},
  title = {A* Search Algorithm},
  url = "https://www.geeksforgeeks.org/a-search-algorithm/",
  urldate = "2024-03-00"
}

@online{
  bfsps,
  author = {jariasf},
  title = {ALGORITMO DE BÚSQUEDA: BREADTH FIRST SEARCH},
  url = "https://jariasf.wordpress.com/2012/02/27/algoritmo-de-busqueda-breadth-first-search/",
  urldate = "Febrero 2024"
}