@misc{websiteOne,
  author = {Programación Refactoriza},
  title = {Backtracking},
  howpublished = {\url{https://docs.jjpeleato.com/algoritmia/backtracking}},
  year = {2021}
}

@misc{websiteTwo,
  author = {Jhosimar George Arias Figueroa},
  title = {Algorithms and More},
  howpublished = {\url{https://jariasf.wordpress.com/2012/03/02/algoritmo-de-busqueda-depth-first-search-parte-1/}},
  year = {2012}
}

@book{libroUno,
    author = {Stuart Russell and Peter Norvig},
    title = {Inteligencia Artificial Un Enfoque moderno},
    publisher = {Pearson Prentice Hall},
    year = {2016},
    edition = {2nd}
}

@misc{bfstechiedelight,
  author = {Techiedelight},
  title = {Búsqueda en amplitud (BFS): implementación iterativa y recursiva},
  howpublished = {\url{https://www.techiedelight.com/es/breadth-first-search/}}  
}

@book{libroDos,
    author = {John Kleinberg and Eva Tardos},
    title = {Algorithm Algorithm Design},
    publisher = {Addison Addison-Wesley},
    year = {2005},    
}

@misc{dfseducationwiki,
  author = {Education-wiki},
  title = {DFS Algorithm},
  howpublished = {\url{https://es.education-wiki.com/7857184-dfs-algorithm}}  
}

@misc{geeks,
  author = {GeeksforGeeks},
  title = {Breadth First Search or BFS for a Graph},
  howpublished = {\url{https://www.geeksforgeeks.org/breadth-first-search-or-bfs-for-a-graph/}}  
}

@misc{bfsps,
  author = {jariasf},
  title = {ALGORITMO DE BÚSQUEDA: BREADTH FIRST SEARCH},
  howpublished = {\url{https://jariasf.wordpress.com/2012/02/27/algoritmo-de-busqueda-breadth-first-search/}}  
}