@book{libroUno,
    author = {Stuart Russell and Peter Norvig},
    title = {Inteligencia Artificial Un Enfoque moderno},
    publisher = {Pearson Prentice Hall},
    year = {2016},
    edition = {2nd}
}

@online{
    almosgenos,
    author = "MatematIA",
    title = "Algoritmos Gen√©ticos",
    year = "2018",
    url = "https://www.cs.us.es/~fsancho/Blog/posts/Algoritmos_Geneticos.md.html",
    urldate = "2024-03-16"
}

