@book{Goodfellow-et-al-2016,
    title={Deep Learning},
    author={Ian Goodfellow and Yoshua Bengio and Aaron Courville},
    publisher={MIT Press},
    url={http://www.deeplearningbook.org},
    year={2016}
}

@book{géron2022hands,
  title={Hands-On Machine Learning with Scikit-Learn, Keras, and TensorFlow},
  author={G{\'e}ron, A.},
  isbn={9781098122461},
  url={https://books.google.com.mx/books?id=X5ySEAAAQBAJ},
  year={2022},
  publisher={O'Reilly Media}
}

@misc{Stopwords,
    title = {Stopwords},
    author = {geeksforgeeks},
    year = {2024},
    url = {https://www.geeksforgeeks.org/removing-stop-words-nltk-python/},
}

@misc{Vectorizer,
    title = {TfidfVectorizer},
    author = {scikit-learn},
    year = {2024},
    url = {https://www.geeksforgeeks.org/removing-stop-words-nltk-python/},
}

@book{Machinelearning,
    title={Machine Learning con Python Aprendizaje Supervisado},
    author={Ligdi González},        
    year={2019}
}
