@misc{websiteOne,
  author = {Gunther Cox},
  title = {ChatterBot},
  howpublished = {\url{https://chatterbot.readthedocs.io/en/stable/}},
  year = {2021}
}


@misc{websiteTwo,
  author = {Martin Breuss},
  title = {ChatterBot: Build a Chatbot With Python},
  howpublished = {\url{https://realpython.com/build-a-chatbot-python-chatterbot/}},
  year = {2022}
}

@misc{websiteThree,
  author = {Abdelhadi Dyouri},
  title = {How To Make a Web Application Using Flask in Python 3},
  howpublished = {\url{https://www.digitalocean.com/community/tutorials/how-to-make-a-web-application-using-flask-in-python-3}},
  year = {2022}
}

@misc{websiteFour,
  author = {Overleaf},
  title = {Code listing},
  howpublished = {\url{https://www.overleaf.com/learn/latex/Code_listing}},
  year = {2024}
}

@misc{websiteFive,
  author = {Pohan Lin},
  title = {How to Develop Your Own Chatbot With Python and ChatterBot from Scratch},
  howpublished = {\url{https://www.codemotion.com/magazine/ai-ml/develop-chatbot-with-python-and-chatterbot/}},
  year = {2023}
}


@article{articuloUno,
    author    = "do Patrocinio Alfonso Folhento, Maria",
    title     = "Aplicacions miltimedia per e-learning",
    howpublished = {\url{https://openaccess.uoc.edu/bitstream/10609/132727/9/mafonsofTFG0621memoria.pdf}},
    year      = "2021"
}


@misc{websiteSix,
  author = {Avinash Navlani},
  title = {Building a Chatbot using Chatterbot in Python},
  howpublished = {\url{https://www.codemotion.com/magazine/ai-ml/develop-chatbot-with-python-and-chatterbot/}},
  year = {2024}
}

@misc{websiteSeven,
  author = {Kiran Kumar Sahu},
  title = {Benefits and Limitations of Using AI chatbots},
  howpublished = {\url{https://medium.com/@kiran2002sk/benefits-and-limitations-of-using-ai-chatbots-7eed242b7a5f}},
  year = {2023}
}