@misc{websiteOne,
  author = {Programación Refactoriza},
  title = {Backtracking},
  howpublished = {\url{https://docs.jjpeleato.com/algoritmia/backtracking}},
  year = {2021}
}

@misc{websiteTwo,
  author = {Jhosimar George Arias Figueroa},
  title = {Algorithms and More},
  howpublished = {\url{https://jariasf.wordpress.com/2012/03/02/algoritmo-de-busqueda-depth-first-search-parte-1/}},
  year = {2012}
}

@book{libroUno,
    author = {Stuart Russell and Peter Norvig},
    title = {Inteligencia Artificial Un Enfoque moderno},
    publisher = {Pearson Prentice Hall},
    year = {2016},
    edition = {2nd}
}

@misc{bfs_techiedelight,
  author = {Techiedelight.com},
  title = {Búsqueda en amplitud (BFS): implementación iterativa y recursiva},
  howpublished = {\url{https://www.techiedelight.com/es/breadth-first-search/}},
  year = {s/f}
}

@misc{grafos_ugr,
  author = {Grafos, G.},
  title = {Exploración de grafos},
  howpublished = {\url{https://elvex.ugr.es/decsai/algorithms/slides/5%20Branch%20and%20Bound.pdf}},
  year = {s/f}
}

@misc{dfs_education_wiki,
  author = {Education-wiki.com},
  title = {DFS Algorithm},
  howpublished = {\url{https://es.education-wiki.com/7857184-dfs-algorithm}},
  year = {s/f}
}
