@book{libroUno,
    author = {Stuart Russell and Peter Norvig},
    title = {Inteligencia Artificial Un Enfoque moderno},
    publisher = {Pearson Prentice Hall},
    year = {2016},
    edition = {2nd}
}

@online{
    almosgenos,
    author = "MatematIA",
    title = "Algoritmos Genéticos",
    year = "2018",
    url = "https://www.cs.us.es/~fsancho/Blog/posts/Algoritmos_Geneticos.md.html",
    urldate = "2024-03-16"
}

@online{
    almosgenosGek,
    author = "GeeksforGeeks",
    title = "Genetic Algorithms",
    year = "2024",
    url = "https://www.geeksforgeeks.org/genetic-algorithms/",
    urldate = "2024-03-16"
}

@techreport{
    LISOGenetico,
    author = {Peña, Eric}, 
    title = {Cellular Automata Optimization Using Genetic Algorithms},
    institution = {State University of New York},
    year = {2019},    
    address = {Binghamton},
    month = {December},
    note = {Consulta para función fitness}
}

@online{
    spaceships,
    author = "Manuel Romero Dopico",
    title = "EL JUEGO DE LA VIDA",    
    url = "https://eodelgadorcursos.files.wordpress.com/2018/11/juego-de-la-vida-conway.pdf",
    urldate = "2024-03-24"
}