@book{libroUno,
    author = {Stuart Russell and Peter Norvig},
    title = {Inteligencia Artificial Un Enfoque moderno},
    publisher = {Pearson Prentice Hall},
    year = {2016},
    edition = {2nd}
}
